@book{Bishop:PRML,
    author      = "Bishop, Christopher M.",
    title       = "Pattern Recognition and Machine Learning",
    year        = "2006",
    publisher   = "Springer",
    note        = "\url{{https://www.microsoft.com/en-us/research/people/cmbishop/\#prml-book}}",
}

@misc{Svensen:PRML_errata,
    author      = "Svens\'en, Markus and Bishop, Christopher M.",
    title       = "Pattern Recognition and Machine Learning: Errata and Additional Comments, Version 2",
    year        = "2011",
    howpublished = "\url{https://www.microsoft.com/en-us/research/wp-content/uploads/2016/05/prml-errata-2nd-20110921.pdf}",
}

@misc{Svensen:PRML_web_solution,
    author      = "Svens\'en, Markus and Bishop, Christopher M.",
    title       = "Pattern Recognition and Machine Learning: Solutions to the Exercises, Web Edition",
    year        = "2009",
    howpublished = "\url{https://www.microsoft.com/en-us/research/wp-content/uploads/2016/05/prml-web-sol-2009-09-08.pdf}",
}

@book{Press:NR,
    author      = "Press, William M. and Teukolsky, Saul A. and Vetterling, William T. and Flannery, Brian P.",
    edition     = "Second",
    title       = "Numerical Recipes in C: The Art of Scientific Computing",
    year        = "1992",
    publisher   = "Cambridge University Press",
    note        = "\url{http://numerical.recipes/}",
}

@book{GvL:MC,
    author      = "Golub, Gene H. and Van Loan, Charles F.",
    edition     = "Fourth",
    title       = "Matrix Computations",
    year        = "2013",
    publisher   = "The Johns Hopkins University Press",
}

@misc{Minka:OldNewMatrixAlgebra,
    author      = "Minka, Thomas P.",
    title       = "Old and New Matrix Algebra Useful for Statistics",
    year        = "2000",
    howpublished = "\url{http://research.microsoft.com/en-us/um/people/minka/papers/matrix/minka-matrix.pdf}",
}

@article{HornSchunck:OpticalFlow,
    author      = "Horn, Berthold K. P. and Schunck, Brian G.",
    title       = "Determining Optical Flow",
    journal     = "Artificial Intelligence",
    year        = "1981",
    volume      = "17",
    number      = "1",
    pages       = "185--203",
}

@book{Feynman:FeynmanLectures2,
    author      = "Feynman, Richard P. and Leighton, Robert B. and Sands, Matthew",
    title       = "The Feynman Lectures on Physics",
    year        = "1964",
    volume      = "2",
    publisher   = "Addison-Wesley",
    note        = "\url{http://www.feynmanlectures.info/}",
}

@book{Briggs:MultigridTutorial,
    author      = "Briggs, William L. and Henson, Van Emden and McCormick, Steve F.",
    edition     = "Second",
    title       = "A Multigrid Tutorial",
    year        = "2000",
    publisher   = "SIAM",
}

@book{MacKay:Information,
    author      = "MacKay, David J. C.",
    title       = "Information Theory, Inference, and Learning Algorithms",
    year        = "2003",
    publisher   = "Cambridge University Press",
    note        = "\url{http://www.inference.phy.cam.ac.uk/itila/book.html}",
}
